<record><leader>00000cas a22000007a 4500</leader><controlfield tag="001">12008426</controlfield><controlfield tag="008">850508d18691885ohuwr ne      0    0eng d</controlfield><datafield ind1=" " ind2=" " tag="010"><subfield code="a">sn 85026018 </subfield></datafield><datafield ind1=" " ind2=" " tag="040"><subfield code="a">NPX</subfield><subfield code="b">eng</subfield><subfield code="c">NPX</subfield><subfield code="d">NPU</subfield><subfield code="d">ONP</subfield><subfield code="d">OCLCQ</subfield></datafield><datafield ind1=" " ind2=" " tag="042"><subfield code="a">msc</subfield></datafield><datafield ind1="0" ind2=" " tag="130"><subfield code="a">Delaware herald (Delaware, Ohio : 1869)</subfield></datafield><datafield ind1="1" ind2="4" tag="245"><subfield code="a">The Delaware herald.</subfield></datafield><datafield ind1=" " ind2=" " tag="260"><subfield code="a">Delaware, Ohio :</subfield><subfield code="b">R.F. Hurlbutt,</subfield><subfield code="c">1869-1885.</subfield></datafield><datafield ind1=" " ind2=" " tag="300"><subfield code="a">v.</subfield></datafield><datafield ind1=" " ind2=" " tag="310"><subfield code="a">Weekly</subfield></datafield><datafield ind1="0" ind2=" " tag="362"><subfield code="a">Vol. 3, no. 41 (June 3, 1869)-new ser., v. 20, no. 3 (Nov. 12, 1885).</subfield></datafield><datafield ind1=" " ind2=" " tag="500"><subfield code="a">Republican. &lt;1876&gt;.</subfield></datafield><datafield ind1=" " ind2="4" tag="651"><subfield code="a">Delaware (Ohio)</subfield><subfield code="v">Newspapers.</subfield></datafield><datafield ind1=" " ind2="4" tag="651"><subfield code="a">Delaware County (Ohio)</subfield><subfield code="v">Newspapers.</subfield></datafield><datafield ind1=" " ind2=" " tag="752"><subfield code="a">United States</subfield><subfield code="b">Ohio</subfield><subfield code="c">Delaware</subfield><subfield code="d">Delaware.</subfield></datafield><datafield ind1="0" ind2="0" tag="780"><subfield code="t">Weekly herald (Delaware, Ohio)</subfield><subfield code="w">(DLC)sn 88077599</subfield></datafield><datafield ind1="0" ind2="0" tag="785"><subfield code="t">Delaware Democratic herald</subfield><subfield code="w">(DLC)sn 83035597</subfield></datafield><datafield ind1="1" ind2=" " tag="029"><subfield code="a">AU@</subfield><subfield code="b">000020377683</subfield></datafield></record>